% Encoding: UTF-8

@Online{Burgess,
  author = {Joel Burgess and Nathan Purkeypile},
  title  = {Skyrim's Modular Approach to Level Design},
  year   = {2013},
  url    = {http://blog.joelburgess.com/2013/04/skyrims-modular-level-design-gdc-2013.html},
}

@Online{Mader,
  author = {Paul Mader},
  title  = {Creating Modular Game Art For Fast Level Design},
  year   = {2005},
  month  = dec,
  url    = {https://www.gamasutra.com/view/feature/130885/creating_modular_game_art_for_fast_.php},
}

@Online{Meler,
  author = {Marcus Meler},
  title  = {Modular Concepts for Game and Virtual Reality Assets},
  year   = {2018},
  month  = dec,
  url    = {https://software.intel.com/en-us/articles/modular-concepts-for-game-and-virtual-reality-assets},
}

@Online{Klafke,
  author = {Thiago Klafke},
  title  = {Creating modular environments in UDK},
  month  = dec,
  year   = {2010},
  url    = {http://www.thiagoklafke.com/modularenvironments.html},
}

@Online{Perry,
  author = {Lee Perry},
  title  = {Modular Level and Component Design},
  year   = {2002},
  month  = nov,
  url    = {https://api.unrealengine.com/udk/Three/rsrc/Three/ModularLevelDesign/ModularLevelDesign.pdf},
}

@Online{Klevestav,
  author = {Philip Klevestav},
  title  = {Working with modular sets},
  year   = {2009},
  url    = {http://www.philipk.net/tutorials/modular_sets/modular_sets.html},
}

@Online{Anlauf,
  author = {Tyler Anlauf},
  title  = {Complex Modular Architecture Environment in UE4},
  year   = {2018},
  month  = dec,
  url    = {https://80.lv/articles/001agt-004adk-17th-century-roman-modular-environment-in-ue4/},
}

@Online{Norris,
  author = {Jacob Norris},
  title  = {Modular Building Set},
  year   = {2015},
  url    = {http://images.purepolygons.com/building_tut/Building_Breakdown.pdf},
}

@Online{Lawson,
  author = {Lawson, R.M. and Ogden, R.G.},
  title  = {Sustainability and Process Benefits of Modular Construction},
  year   = {2010},
  url    = {https://www.irbnet.de/daten/iconda/CIB18783.pdf},
}

@Online{MarioTiles,
  author = {Matthew Earl},
  title  = {Extracting Super Mario Bros levels with Python},
  year   = {2018},
  month  = jun,
  url    = {http://matthewearl.github.io/2018/06/28/smb-level-extractor/},
}

@Online{ForHonor,
  author = {Laurie Durand},
  title  = {Environment Design for AAA Games with Laurie Durand},
  year   = {2019},
  month  = jan,
  url    = {https://80.lv/articles/environment-design-for-aaa-games-with-laurie-durand/},
}

@Book{blender,
  title     = {Blender 2.7 : Das umfassende Handbuch},
  publisher = {Rheinwerk},
  year      = {2017},
  author    = {Beck, Thomas},
  isbn      = {978-3-8362-4454-1},
}

@Online{Mario,
  author  = {Nathan Altice},
  title   = {The long shadow of Super Mario Bros.},
  month   = sep,
  year    = {2015},
  url     = {https://www.gamasutra.com/view/news/253377/The_long_shadow_of_Super_Mario_Bros.php},
}

@Book{GameHistory,
  title     = {History of Digital Games: Developments in Art, Design and Interaction},
  publisher = {CRC Press},
  year      = {2017},
  author    = {Williams, A.},
  isbn      = {9781317503804},
  url       = {https://books.google.de/books?id=nLsrDwAAQBAJ},
}

@Online{Fallout4,
  author       = {Joel Burgess and Nathan Purkeypile},
  title        = {[Video] "Fallout 4's" Modular Level Design},
  year         = {2016},
  date         = {2016},
  organization = {GDC},
  url          = {https://gdcvault.com/play/1023202/-Fallout-4-s-Modular},
}

@Online{Daggerfall,
  author = {{Elderscrollsportal}},
  title  = {Daggerfall:The Elder Scrolls II: Daggerfall},
  year   = {2019},
  url    = {https://www.elderscrollsportal.de/almanach/Daggerfall:The_Elder_Scrolls_II:_Daggerfall},
}

@Online{Morrowind,
  author = {Alex Kane},
  title  = {Morrowind: An oral history},
  year   = {2019},
  month  = mar,
  url    = {https://www.polygon.com/2019/3/27/18281082/elder-scrolls-morrowind-oral-history-bethesda},
}

@Online{ForHonorMapTypes,
  author = {{Ubisoft Entertainment}},
  title  = {For Honor Ubisoft},
  year   = {o.D.},
  url    = {https://forhonor.ubisoft.com/game/en-us/game-info/index.aspx},
}

@Online{Fallout4P,
  author = {Joel Burgess and Nathan Purkeypile},
  title  = {[Präsentation] "Fallout 4's" Modular Level Design},
  year   = {2016},
  url    = {https://gdcvault.com/play/1022930/-Fallout-4-s-Modular},
}

@Online{ikea,
  author = {{IKEA Deutschland GmbH \& Co. KG}},
  title  = {IKEA METOD Kaufhilfe 2019},
  year   = {2019},
  month  = apr,
  url    = {https://www.ikea.com/de/de/files/pdf/8e/62/8e624e5a/metod-kuechen-und-zubehoer.pdf},
}

@Online{Grabstein,
  author = {Aidy Burrows},
  title  = {What To Know When Creating Next Gen Assets},
  year   = {2015},
  month  = apr,
  url    = {https://cgmasters.net/free-tutorials/what-to-know-when-creating-next-gen-assets/},
}

@Online{WoW,
  author = {Fanny Vergne},
  title  = {The Strings of Environment Design},
  year   = {2017},
  month  = jul,
  url    = {https://80.lv/articles/the-strings-of-environment-design/},
}

@Online{Engine,
  author = {Jeff Ward},
  title  = {What is a Game Engine?},
  year   = {2008},
  month  = apr,
  url    = {http://www.gamecareerguide.com/features/529/what_is_a_game.php},
}

@Online{unrealDoc,
  author = {{Epic Games, Inc}},
  title  = {Unreal Engine Documentation},
  year   = {o.D.},
  url    = {https://docs.unrealengine.com/en-us},
}

@Online{Jess,
  author = {Jess Hider},
  title  = {Real Time Rendering},
  month  = oct,
  year   = {2017},
  url    = {https://jesshiderue4.wordpress.com/real-time-rendering-an-overview-for-artists/},
}

@Online{gpu,
  author = {Keith O’Conor},
  title  = {GPU Performance for Game Artists},
  year   = {2017},
  month  = mar,
  url    = {http://fragmentbuffer.com/gpu-performance-for-game-artists/},
}

@Online{unrealModular,
  author = {Lin and Lentz and Sturgill and Reed},
  title  = {Using Workflow Techniques and Modularity},
  year   = {o.D.},
  url    = {https://api.unrealengine.com/udk/Two/WorkflowAndModularity.html},
}

@Online{pacMan,
  author = {Rich Johnston},
  title  = {The Original Pac Man Artwork Unearthed},
  year   = {2010},
  month  = jun,
  url    = {https://www.bleedingcool.com/2010/06/23/the-original-pac-man-artwork-unearthed/},
}

@Online{marioAnalog,
  author       = {{Nintendo, Miyamoto, S., Tezuka T.}},
  title        = {[Video] Super Mario Bros. 30th Anniversary Special Interview ft. Shigeru Miyamoto \& Takashi Tezuka},
  howpublished = {Youtube},
  year         = {2015},
  date         = {2015},
  organization = {Nintendo},
  url          = {https://youtu.be/DLoRd6_a1CI?t=163},
}

@Online{LegoMod,
  author       = {{The LEGO Group}},
  title        = {LEGO® Creator Expert – Modular Buildings 10th anniversary},
  year         = {o.D.},
  organization = {The LEGO Group},
  url          = {https://www.lego.com/en-us/themes/creatorexpert/explore/modular-buildings-10th-anniversary},
}

@Online{Lego3in1,
  author       = {{The LEGO Group}},
  title        = {[Online Shop] The Lego Group Internetshop Unterkategorie Creator 3 in 1},
  year         = {o.D.},
  organization = {The Lego Group},
  url          = {https://shop.lego.com/de-DE/category/creator-3-in-1},
}

@Book{LegoBuch,
  title     = {LEGO – Absolut alles, was du wissen musst: Das Beste aus dem LEGO® Universum},
  publisher = {Dorling Kindersley},
  year      = {2018},
  author    = {Simon Hugo},
  edition   = {1},
  isbn      = {978-3-8310-3509-0},
}

@Online{BestEngine,
  author = {GameDesigning},
  title  = {The Top 10 Video Game Engines},
  year   = {2019},
  url    = {https://www.gamedesigning.org/career/video-game-engines/},
}

@Online{JapanConcept,
  author = {Mauricio Pampin},
  title  = {Artstation Submission Feudal Japan: The Shogunate Environment Design},
  year   = {2018},
  url    = {https://www.artstation.com/contests/feudal-japan/challenges/54/submissions/35789?sorting=latest},
}

@Book{rehfeld,
  title     = {Game Design und Produktion: Grundlagen, Anwendungen und Beispiele},
  publisher = {Carl Hanser Verlag},
  year      = {2013},
  author    = {Rehfeld, G.},
  isbn      = {9783446436213},
  url       = {https://books.google.de/books?id=c7dPAgAAQBAJ},
}

@Misc{moduwiki,
  author = {Wikipedia},
  title  = {Modularität --- Wikipedia{,} Die freie Enzyklopädie},
  year   = {2019},
  url    = {\url{https://de.wikipedia.org/w/index.php?title=Modularit%C3%A4t&oldid=189371860}},
}

@Online{sixsided,
  author = {Addison Godel},
  title  = {nara - horyu-ji 15},
  year   = {2013},
  url    = {https://www.flickr.com/photos/doctorcasino/12397204345/in/photostream/},
}

@Online{KitelementeSkizze,
  author = {{Muza-chan}},
  title  = {Matsumoto Castle, Matsumoto},
  year   = {2012},
  url    = {https://muza-chan.net/japan/index.php/blog/japanese-castle-architecture-renketsushiki-style},
}

@Online{InnerEdge,
  author = {JREF},
  title  = {Maruoka Castle},
  year   = {2018},
  url    = {https://jref.com/articles/maruoka-castle.429/},
}

@Online{geruest,
  author = {{Barrett Byrd Associates}},
  title  = {The prefabricated bedroom modules sit on a two storey steel frame},
  year   = {2011},
  url    = {https://www.newsteelconstruction.com/wp/modular-construction-checks-in/},
}

@Online{wand,
  author = {{Triumph Modular}},
  title  = {Modular design: Sedona’s Economic Future},
  year   = {o.D.},
  url    = {https://triumphmodular.com/blog/modular-design-sedona-economic-future/},
}

@Online{unrealTalk,
  author       = {Marcus Wassmer},
  title        = {[Video] Refactoring the Mesh Drawing Pipeline for Unreal Engine 4.22 | GDC 2019 | Unreal Engine},
  howpublished = {Youtube},
  month        = mar,
  year         = {2019},
  url          = {https://youtu.be/qx1c190aGhs?t=2128},
}

@Online{spacemodular,
  author  = {Matt Olson},
  title   = {Modular Sci-Fi Level in UE4},
  year    = {2018},
  journal = {80 Level},
  url     = {https://80.lv/articles/004adk-modular-sci-fi-level-in-ue4-by-matt-olson/},
}

@Online{modcode,
  author = {Decky Coss},
  title  = {Making modular videogames},
  year   = {o.D.},
  url    = {https://codewords.recurse.com/issues/three/making-modular-videogames},
}

@Online{music,
  author = {Elizabeth Medina-Gray},
  title  = {Modular Structure and Function in Early 21st-Century Video Game Music},
  year   = {2014},
  url    = {https://www.academia.edu/7594328/Modular_Structure_and_Function_in_Early_21st-Century_Video_Game_Music},
}

@Online{Borderlands,
  author  = {Brian Crecente},
  title   = {Borderlands 2's amazing weapons and their bizarre inspirations, from Apple to Austrian cars},
  year    = {2012},
  journal = {Polygon},
  url     = {https://www.polygon.com/gaming/2012/4/4/2924678/borderlands-2s-amazing-weapons-and-their-bizarre-inspirations},
}

@Book{1837,
  title     = {Prefab Architecture: A Guide to Modular Design and Construction},
  publisher = {Wiley},
  year      = {2011},
  author    = {Ryan E. Smith},
}

@Online{blendermanual,
  author = {{Blender Documentation Team}},
  title  = {Blender 2.80 Reference Manual},
  year   = {o.D.},
  url    = {https://docs.blender.org/manual/en/latest/modeling/meshes/editing/index.html},
}

@Online{flipped,
  author = {FlippedNormals},
  title  = {[Video] Texture Maps Explained - Essential for All Texture Artists},
  year   = {2019},
  url    = {https://www.youtube.com/watch?v=ZOHNRlrd1Ak},
}

@Comment{jabref-meta: databaseType:bibtex;}
